@article{[3],
  title={Towards Real-Time Multi-Object Tracking},
  author={Wang, Zhongdao and Zheng, Liang and Liu, Yixuan and Wang, Shengjin},
  journal={arXiv preprint arXiv:1909.12605},
  year={2019}
}

@article{[2],
author = {Sun, ShiJie and Akhtar, Naveed and Song, HuanSheng and Mian, Ajmal and Shah, Mubarak},
title = {Deep Affinity Network for Multiple Object Tracking},
journal = {Journal of LaTeX class files},
volume = {13},
year = {2017},
number = {9}
}

@article{[1],
  title={Co-segmentation Inspired Attention Networks for Video-based Person Re-identification},
  author={Subramaniam, Arulkumar and Nambiar, Athira and Mittal, Anurag},
  journal={The IEEE International Conference on Computer Vision (ICCV)},
  year={2019}
}
